@ARTICLE { Lizheng2010,
	AUTHOR="Li, S. and Zheng, J.",
	TITLE="Expert Systems with Applications",
	JOURNAL="Elsevier Ltd",
	YEAR=2010
}