@ARTICLE {tunietpuz,
	author="Saskia Bonger",
	title="Renoveren of niet? Puzzelen aan {EWI}",
	journal="Delta",
	year="2016",
	volume="48",
	number="4",
	pages="18--21",
	url="http://delta.tudelft.nl/artikel/renoveren-of-niet-puzzelen-aan-ewi/30555"
}
@MISC {turen,
	title="Renovatie faculteitsgebouw {CiTG}",
	url="https://intranet.tudelft.nl/citg/renovatie"
}
@MISC {ontolagents,
	author="Marek Obitko",
	title="Ontologies for Agents",	
	url="http://www.obitko.com/tutorials/ontologies-semantic-web/ontologies-for-agents.html",
	year="2007"
}
@ARTICLE {cacm,
 	author="Raz Lin and Sarit Kraus",
	title="Can Automated Agents Proficiently Negotiate With Humans?",
	journal="Communications of the ACM",
	volume="53",
	year="2010",
	number="1",
	pages="78-88",
	url="http://cacm.acm.org/magazines/2010/1/55746-can-automated-agents-proficiently-negotiate-with-humans/fulltext"
}
@MISC {tygron,
	year="2016",
	title="Tygron",
	url="http://www.tygron.com/tygron-engine/"
}

	