@MISC { goal,
	author={Koen Hindriks},
	year={2016},
	title={Programming Cognitive Agents in Goal},
	url={http://ii.tudelft.nl/trac/goal}
}